@techreport{vlp16,
institution = {Velodyne LiDAR, Inc.},
title = {{VLP-16 User Manual}},
year = {2019}
}

@article{Kim2017,
author = {Kim, Gunzung and Eom, Jeongsook and Park, Yongwan},
journal = {IEMEK 2017},
title = {{Mutual Interference on Mobile Pulsed Scanning LIDAR}}
}


@inproceedings{Kim2015,
author = {Kim, Gunzung and Eom, Jeongsook and Park, Yongwan},
title = {{An Experiment of Mutual Interference between Automotive LIDAR Scanners}},
publisher = {IEEE},
booktitle = {2015 12th International Conference on Information Technology - New Generations},
}


@article{Kim2015a,
author = {Kim, Gunzung and Eom, Jeongsook and Park, Yongwan},
title = {Investigation on the occurrence of mutual interference between pulsed terrestrial LIDAR scanners},
journal = {IEEE Intelligent Vehicles Symposium, Proceedings},
}

@article{Kim2015c,
author = {Kim, Gunzung and Eom, Jeongsook and Park, Seonghyeon and Park, Yongwan},
doi = {10.1117/12.2178502},
journal = {Photon Counting Applications 2015},
title = {{Occurrence and characteristics of mutual interference between LIDAR scanners}},
}



@patent{Al.2013,
author = {Retterath, Jamie E. and Laumeyer, Robert A.},
institution = {Facet Technology Corp.,},
title = {{Methods and Apparatus for Array Based Lidar Systems with Reduced Interference}},
}


@INPROCEEDINGS{ADAS1,
author={R. {Okuda} and Y. {Kajiwara} and K. {Terashima}},
booktitle={Technical Papers of 2014 International Symposium on VLSI Design, Automation and Test},
title={A survey of technical trend of ADAS and autonomous driving},
}

@article{Geiger2012,
author = {Geiger, Andreas and Lenz, Philip and Urtasun, Raquel},
journal = {Proceedings of the IEEE Computer Society Conference on Computer Vision and Pattern Recognition},
title = {{Are we ready for autonomous driving? the KITTI vision benchmark suite}},
}



@article{Fridman2017,
author = {Fridman, Lex and et. al.},
title = {{MIT Autonomous Vehicle Technology Study: Large-Scale Deep Learning Based Analysis of Driver Behavior and Interaction with Automation}},
year = {2017},
}



@article{Bimbraw2015,
author = {Bimbraw, K},
title = {{Autonomous Cars : Past , Present and Future - A Review of the Developments in the Last Century , the Present ...}},
journal = {ICINCO-2015},
}



@article{Sullivan2016,
author = {Sullivan, Frost {\&}},
title = {{LiDAR: Driving the Future of Autonomous Navigation}},
year = {2016},
}

@report{world2019global,
  title={Global status report on road safety 2018},
  author={World Health Organization (WHO) and others},
}

