Automatically generated by Mendeley Desktop 1.19.5
Any changes to this file will be lost if it is regenerated by Mendeley.

BibTeX export options can be customized via Options -> BibTeX in Mendeley Desktop

@misc{WHOvisualizer,
author = {Organization, World Health},
booktitle = {World Heal. Organ.},
title = {{Death on the roads}},
url = {https://extranet.who.int/roadsafety/death-on-the-roads/{\#}ticker//all},
urldate = {2019-10-20},
year = {2018}
}
@misc{EUroads,
author = {ETSC},
title = {{13th Annual Road Safety Performance Index (PIN) Report}},
url = {https://etsc.eu/13th-annual-road-safety-performance-index-pin-report/},
urldate = {2019-10-20}
}
@techreport{WHO2018,
abstract = {As matter fact road traffic injuries are currently ranked ninth globally among the leading causes of disability adjusted life years lost, and the ranking is projected to rise to third by 2020(Ishrat Riaz, 2018)},
author = {{World Health Organization}},
booktitle = {World Heal. Organ.},
file = {:media/martinspedro/DATA/UA/Thesis/Organized Research/World Health Organization/Global Status Report on Road. World Health Organization. 2018.pdf:pdf},
institution = {World Health Organization},
pages = {20},
title = {{Global Status Report on Road}},
url = {https://www.who.int/violence{\_}injury{\_}prevention/road{\_}safety{\_}status/2018/en/},
year = {2018}
}
@misc{WHOsite,
author = {Organization, World Health},
booktitle = {World Heal. Organ.},
keywords = {road safety},
publisher = {World Health Organization},
title = {{Global status report on road safety 2018}},
url = {https://www.who.int/violence{\_}injury{\_}prevention/road{\_}safety{\_}status/2018/en/},
urldate = {2019-10-20},
year = {2019}
}
