Automatically generated by Mendeley Desktop 1.19.5
Any changes to this file will be lost if it is regenerated by Mendeley.

BibTeX export options can be customized via Options -> BibTeX in Mendeley Desktop

@techreport{VLP16,
address = {San Jose},
author = {{Velodyne LiDAR}, Inc.},
file = {:media/martinspedro/DATA/UA/Thesis/Organized Research/Rev/VLP-16 User Manual. Rev. 2019.pdf:pdf},
institution = {Velodyne LiDAR, Inc.},
pages = {71},
title = {{VLP-16 User Manual}},
year = {2019}
}
@misc{MantaG504C,
author = {Vision, Allied},
file = {:media/martinspedro/DATA/UA/Thesis/Organized Research/Vision/Manta G-504 datasheet. Vision. Unknown.pdf:pdf},
publisher = {Allied Vision},
title = {{Manta G-504 datasheet}}
}
@misc{Thorlabs,
author = {Thorlabs},
title = {{MVL16M1 Online Datasheet}},
url = {https://www.thorlabs.com/newgrouppage9.cfm?objectgroup{\_}id=1822},
urldate = {2019-10-26}
}
@article{VelodyneHDL64,
author = {Rate, High Frame},
file = {:media/martinspedro/DATA/UA/Thesis/Organized Research/Rate/HDL-64E. Rate. Unknown.pdf:pdf},
pages = {3--4},
title = {{HDL-64E}}
}
