Automatically generated by Mendeley Desktop 1.19.5
Any changes to this file will be lost if it is regenerated by Mendeley.

BibTeX export options can be customized via Options -> BibTeX in Mendeley Desktop

@book{mvg_book,
author = {Hartley, Richard and Zisserman, Andrew},
edition = {2},
file = {:media/martinspedro/DATA/UA/Thesis/Organized Research/Hartley, Zisserman/Multiple View Geometry in computer vision. Hartley, Zisserman. 2003.pdf:pdf},
isbn = {9780521540513},
publisher = {Cambridge University Press New York, NY, USA},
title = {{Multiple View Geometry in computer vision}},
year = {2003}
}
