Automatically generated by Mendeley Desktop 1.19.5
Any changes to this file will be lost if it is regenerated by Mendeley.

BibTeX export options can be customized via Options -> BibTeX in Mendeley Desktop

@misc{bunny,
title = {{pcl/bunny.pcd at master {\textperiodcentered} PointCloudLibrary/pcl}},
url = {https://github.com/PointCloudLibrary/pcl/blob/master/test/bunny.pcd},
urldate = {2019-10-22}
}
